% section 1 keyword online example
@online{trelloUsers,
    keywords = {sectionOne},
    date = {2019-10-30},
    author = {trello.com},
    title = {50 Million Is Just The Beginning: Automation, Templates, And More New Features To Keep Your Team Building},
    url = {https://blog.trello.com/50-million-celebration},
    urldate = {2020-03-04}
}


% Section 2 sources example
@book{usability_inspection,
    keywords = {sectionTwo},
    editor = {Nielsen, Jakob and Mack, Robert L.},
    title = {Usability Inspection Methods},
    year = {1994},
    isbn = {0471018775},
    publisher = {John Wiley \& Sons, Inc.},
    address = {USA}
}